@online{bu1th4nh2022,
    author = {{Bùi Tiến Thành}},
    title = {Template đồ án Latex},
    url = "https://github.com/bu1th4nh/Code_Library/tree/master/Utilities/latex_project_template"
}