@online{bu1th4nh2022,
    author = {{Bùi Tiến Thành}},
    title = {Template báo cáo Latex},
    url = "https://github.com/bu1th4nh/Code_Library/tree/master/Utilities/latex_report_template"
}